<?xml version="1.0" encoding="UTF-8"?><collection xmlns="http://www.loc.gov/MARC21/slim"><record><leader>00479nam--2200133-i-4500</leader><controlfield tag="001">000026076</controlfield><controlfield tag="002">20161230</controlfield><controlfield tag="005">20161230201036</controlfield><controlfield tag="008">060222s1000------------r-----000-0-eng-d</controlfield><datafield ind1=" " ind2=" " tag="080"><subfield code="a">620.105(08)</subfield></datafield><datafield ind1=" " ind2=" " tag="245"><subfield code="a">Instructiuni pentru verificarea aparatelor de incercare statica la ambutisare. editie oficiala</subfield></datafield><datafield ind1=" " ind2=" " tag="260"><subfield code="a">Bucuresti, Ed.Tehnica, 1975. 23p</subfield></datafield><datafield ind1=" " ind2=" " tag="490"><subfield code="a">Inspectoratul General De Stat Pentru Controlul Calitatii Produselor. Institututl National De Metrologie</subfield></datafield><datafield ind1=" " ind2=" " tag="852"><subfield code="a">43538</subfield></datafield></record></collection>